<record><leader>00000cas a22000007a 4500</leader><controlfield tag="001">12895000</controlfield><controlfield tag="008">851211d18661868pauwr ne      0    0eng d</controlfield><datafield ind1=" " ind2=" " tag="010"><subfield code="a">sn 86081808 </subfield></datafield><datafield ind1=" " ind2=" " tag="040"><subfield code="a">NPH</subfield><subfield code="b">eng</subfield><subfield code="c">NPH</subfield><subfield code="d">OCLCQ</subfield></datafield><datafield ind1=" " ind2=" " tag="042"><subfield code="a">msc</subfield></datafield><datafield ind1="0" ind2=" " tag="130"><subfield code="a">Caucasian (Carlisle, Pa.)</subfield></datafield><datafield ind1="1" ind2="4" tag="245"><subfield code="a">The Caucasian.</subfield></datafield><datafield ind1=" " ind2=" " tag="260"><subfield code="a">Carlisle, Pa. :</subfield><subfield code="b">Bratton &amp; Kennedy</subfield></datafield><datafield ind1=" " ind2=" " tag="300"><subfield code="a">v. :</subfield><subfield code="b">ports. ;</subfield><subfield code="c">40 cm.</subfield></datafield><datafield ind1=" " ind2=" " tag="310"><subfield code="a">Weekly</subfield></datafield><datafield ind1="0" ind2=" " tag="362"><subfield code="a">Vol. 1, no. 1 (July 6, 1866)-</subfield></datafield><datafield ind1="1" ind2=" " tag="362"><subfield code="a">Ceased in 1868?</subfield></datafield><datafield ind1=" " ind2=" " tag="500"><subfield code="a">"A Democratic campaign paper, devoted to the interests of white labor and the preservation of the white man's government."</subfield></datafield><datafield ind1=" " ind2=" " tag="752"><subfield code="a">United States</subfield><subfield code="b">Pennsylvania</subfield><subfield code="c">Cumberland</subfield><subfield code="d">Carlisle.</subfield></datafield></record>